<?xml version="1.0" encoding="UTF-8"?><collection xmlns="http://www.loc.gov/MARC21/slim"><record><leader>00320nam--2200121-i-4500</leader><controlfield tag="001">000006923</controlfield><controlfield tag="002">20161230</controlfield><controlfield tag="005">20161230201027</controlfield><controlfield tag="008">060222s1000------------r-----000-0-eng-d</controlfield><datafield ind1=" " ind2=" " tag="100"><subfield code="a">Bevensee, R.M</subfield></datafield><datafield ind1=" " ind2=" " tag="245"><subfield code="a">Electromagnetic slow wave systems</subfield></datafield><datafield ind1=" " ind2=" " tag="260"><subfield code="a">New York, John Wiley $ SONS, INC.,1964. XVII + 464 P</subfield></datafield><datafield ind1=" " ind2=" " tag="852"><subfield code="a">20072</subfield></datafield></record></collection>